@article{subhedar2014current,
  title={Current status and key issues in image steganography: A survey},
  author={Subhedar, Mansi S and Mankar, Vijay H},
  journal={Computer science review},
  volume={13},
  pages={95--113},
  year={2014},
  publisher={Elsevier}
}